@inproceedings{chen2014qos,
  title={QoS-aware Service Composition over Graphplan through Graph Reachability},
  author={Chen, Min and Yan, Yuhong},
  booktitle={Services Computing (SCC), 2014 IEEE International Conference on},
  pages={544--551},
  year={2014},
  organization={IEEE}
}

@incollection{sohrabi2009web,
  title={Web service composition via the customization of Golog programs with user preferences},
  author={Sohrabi, Shirin and Prokoshyna, Nataliya and McIlraith, Sheila A},
  booktitle={Conceptual Modeling: Foundations and Applications},
  pages={319--334},
  year={2009},
  publisher={Springer}
}

@article{pop2011hybrid,
  title={A hybrid firefly-inspired approach for optimal semantic Web service composition},
  author={Pop, Cristina Bianca and Rozina Chifu, Viorica and Salomie, Ioan and Baico, Ramona Bianca and Dinsoreanu, Mihaela and Copil, Georgiana},
  journal={Scalable Computing: Practice and Experience},
  volume={12},
  number={3},
  year={2011}
}

@incollection{pop2010immune,
  title={Immune-inspired method for selecting the optimal solution in web service composition},
  author={Pop, Cristina Bianca and Chifu, Viorica Rozina and Salomie, Ioan and Dinsoreanu, Mihaela},
  booktitle={Resource Discovery},
  pages={1--17},
  year={2010},
  publisher={Springer}
}

@inproceedings{wang2012survey,
  title={A survey on bio-inspired algorithms for web service composition},
  author={Wang, Lijuan and Shen, Jun and Yong, Jianming},
  booktitle={Computer Supported Cooperative Work in Design (CSCWD), 2012 IEEE 16th International Conference on},
  pages={569--574},
  year={2012},
  organization={IEEE}
}

@inproceedings{wang2013genetic,
  title={Genetic Programming with Greedy Search for Web Service Composition},
  author={Wang, Anqi and Ma, Hui and Zhang, Mengjie},
  booktitle={Database and Expert Systems Applications},
  pages={9--17},
  year={2013},
  organization={Springer}
}

@inproceedings{srivastava2003web,
  title={Web service composition-current solutions and open problems},
  author={Srivastava, Biplav and Koehler, Jana},
  booktitle={ICAPS 2003 workshop on Planning for Web Services},
  volume={35},
  pages={28--35},
  year={2003}
}

@article{wang2014automated,
  title={Automated web service composition supporting conditional branch structures},
  author={Wang, Pengwei and Ding, Zhijun and Jiang, Changjun and Zhou, Mengchu},
  journal={Enterprise Information Systems},
  volume={8},
  number={1},
  pages={121--146},
  year={2014},
  publisher={Taylor \& Francis}
}

@book{banzhaf1998genetic,
  title={Genetic programming: an introduction},
  author={Banzhaf, Wolfgang and Nordin, Peter and Keller, Robert E and Francone, Frank D},
  volume={1},
  year={1998},
  publisher={Morgan Kaufmann San Francisco}
}

@inproceedings{yu2013adaptive,
  title={An adaptive genetic programming approach to QoS-aware web services composition},
  author={Yu, Yang and Ma, Hui and Zhang, Mengjie},
  booktitle={Evolutionary Computation (CEC), IEEE Congress on},
  pages={1740--1747},
  year={2013},
  organization={IEEE}
}

@inproceedings{jaeger2007qos,
  title={QoS-based selection of services: The implementation of a genetic algorithm},
  author={Jaeger, Michael C and M{\"u}hl, Gero},
  booktitle={Communication in Distributed Systems (KiVS), ITG-GI Conference},
  pages={1--12},
  year={2007},
  organization={VDE}
}

@INPROCEEDINGS{silva2014graph, 
author={da Silva, A.S. and Hui Ma and Mengjie Zhang}, 
booktitle={Evolutionary Computation (CEC), 2014 IEEE Congress on}, 
title={A graph-based Particle Swarm Optimisation approach to QoS-aware web service composition and selection}, 
year={2014}, 
month={July}, 
pages={3127-3134}, 
keywords={Web services;graph theory;greedy algorithms;particle swarm optimisation;quality of service;QoS-aware Web service composition;QoS-aware Web service selection;graph-based PSO technique;graph-based particle swarm optimisation approach;greedy-based PSO technique;near-optimal Web services;network-accessible modules;optimal workflow;quality of service properties;workflow configurations;Abstracts;Optimization;Particle swarm optimization;Quality of service;Read only memory;Vectors;Web services}, 
doi={10.1109/CEC.2014.6900404},}

@inproceedings{perrey2003service,
  title={Service-oriented architecture},
  author={Perrey, Randall and Lycett, Mark},
  booktitle={Applications and the Internet Workshops, 2003. Proceedings. 2003 Symposium on},
  pages={116--119},
  year={2003},
  organization={IEEE}
}

@article{gottschalk2002introduction,
  title={Introduction to web services architecture},
  author={Gottschalk, Karl and Graham, Stephen and Kreger, Heather and Snell, James},
  journal={IBM systems Journal},
  volume={41},
  number={2},
  pages={170--177},
  year={2002}
}

@article{milanovic2004current,
  title={Current solutions for web service composition},
  author={Milanovic, Nikola and Malek, Miroslaw},
  journal={IEEE Internet Computing},
  volume={8},
  number={6},
  pages={51--59},
  year={2004},
  publisher={IEEE Computer Society}
}

@incollection{wohed2003analysis,
  title={Analysis of web services composition languages: The case of bpel4ws},
  author={Wohed, Petia and van der Aalst, Wil MP and Dumas, Marlon and Ter Hofstede, Arthur HM},
  booktitle={Conceptual Modeling-ER 2003},
  pages={200--215},
  year={2003},
  publisher={Springer}
}

@inproceedings{clarke2014modelling,
  title={Modelling Service Workflow Outcomes by Assessing the Underlying Message Flows},
  author={Clarke, Damian and Saleh, Iman and Blake, M Brian},
  booktitle={WETICE Conference (WETICE), 2014 IEEE 23rd International},
  pages={9--14},
  year={2014},
  organization={IEEE}
}

@inproceedings{bansal2008wsc,
  title={WSC-08: continuing the web services challenge},
  author={Bansal, Ajay and Blake, M Brian and Kona, Srividya and Bleul, Steffen and Weise, Thomas and Jaeger, Michael C},
  booktitle={E-Commerce Technology and the Fifth IEEE Conference on Enterprise Computing, E-Commerce and E-Services, 2008 10th IEEE Conference on},
  pages={351--354},
  year={2008},
  organization={IEEE}
}

@article{karakoc2009composing,
  title={Composing semantic Web services under constraints},
  author={Karakoc, Erman and Senkul, Pinar},
  journal={Expert Systems with Applications},
  volume={36},
  number={8},
  pages={11021--11029},
  year={2009},
  publisher={Elsevier}
}